@article{burns2018deaths,
  title={Deaths from falls among persons aged$\geq$ 65 yearsâ€”United States, 2007--2016},
  author={Burns, Elizabeth and Kakara, Ramakrishna},
  journal={Morbidity and Mortality Weekly Report},
  volume={67},
  number={18},
  pages={509},
  year={2018},
  publisher={Centers for Disease Control and Prevention}
}

@article{bagala2012evaluation,
  title={Evaluation of accelerometer-based fall detection algorithms on real-world falls},
  author={Bagala, Fabio and Becker, Clemens and Cappello, Angelo and Chiari, Lorenzo and Aminian, Kamiar and Hausdorff, Jeffrey M and Zijlstra, Wiebren and Klenk, Jochen},
  journal={PloS one},
  volume={7},
  number={5},
  year={2012},
  publisher={Public Library of Science}
}

@article{wild1981dangerous,
  title={How dangerous are falls in old people at home?},
  author={Wild, Deidre and Nayak, US and Isaacs, B},
  journal={Br Med J (Clin Res Ed)},
  volume={282},
  number={6260},
  pages={266--268},
  year={1981},
  publisher={British Medical Journal Publishing Group}
}